@misc{scalameter,
    title="ScalaMeter",
    author="Aleksandar Prokopec",
    year="2012",
    howpublished={\url{http://scalameter.github.io/}},
}

@misc{relativeNumbering,
    title="Object-oriented languages",
    author="Michel Schinz",
    year="2015",
howpublished="Slides on relative numbering taken from the Master's course
Advanced Compiler Construction"
}

@misc{scalajsInterop,
    title="Semantics-driven interoperability between Scala.js and JavaScript",
    author="S\'{e}bastien Doeraene",
    year="2015",
    howpublished="Submitted for review to ECOOP '16"
}